<?xml version="1.0" encoding="UTF-8"?><record xmlns="http://www.loc.gov/MARC21/slim" xmlns:cinclude="http://apache.org/cocoon/include/1.0" xmlns:zs="http://www.loc.gov/zing/srw/">
  <leader>00339cz  a2200121n  4500</leader>
  <controlfield tag="001">n  98086542 </controlfield>
  <controlfield tag="003">DLC</controlfield>
  <controlfield tag="005">20030127174631.0</controlfield>
  <controlfield tag="008">980924n| acannaab           |n aaa      </controlfield>
  <datafield tag="010" ind1=" " ind2=" ">
    <subfield code="a">n  98086542 </subfield>
  </datafield>
  <datafield tag="040" ind1=" " ind2=" ">
    <subfield code="a">DLC</subfield>
    <subfield code="c">DLC</subfield>
    <subfield code="d">DLC</subfield>
  </datafield>
  <datafield tag="100" ind1="1" ind2=" ">
    <subfield code="a">AlfareĚ, T. Loredana</subfield>
  </datafield>
  <datafield tag="670" ind1=" " ind2=" ">
    <subfield code="a">Zimbabwe, radici e condizioni di uno ... [1989]</subfield>
    <subfield code="b">t.p. (T. Loredana AlfareĚ)</subfield>
  </datafield>
</record>